\@article{Maitournam2011232,
	title = "A multiscale fatigue life model for complex cyclic multiaxial loading ",
	journal = "International Journal of Fatigue ",
	volume = "33",
	number = "2",
	pages = "232 - 240",
	year = "2011",
	note = "",
	issn = "0142-1123",
	doi = "http://dx.doi.org/10.1016/j.ijfatigue.2010.08.017",
	url = "http://www.sciencedirect.com/science/article/pii/S0142112310001933",
	author = "M.H. Maitournam and C. Krebs and A. Galtier",
	keywords = "High-cycle fatigue",
	keywords = "Finite life model",
	keywords = "Multiscale approach",
	keywords = "Stabilized cycle",
	keywords = "Shakedown "
}

@thesis{zepeng,
	author = {Ma Zepeng},
	title = {Structures under multiaxial fatigue taking consideration of gradients of the constraints with time and space variation},
	type = {thesis},
	institution = {LMS, Ecole Polytehcnique},
	date = {2017},
}

@book{lemaitre1990mechanics,
	title={Mechanics of solid materials},
	author={Lemaitre, Jean and Chaboche, Jean-Louis},
	year={1990},
	publisher={Cambridge university press}
}

@article{Bosia201239,
	title = "Fast time-scale average for a mesoscopic high cycle fatigue criterion ",
	journal = "International Journal of Fatigue ",
	volume = "45",
	number = "",
	pages = "39 - 47",
	year = "2012",
	note = "",
	issn = "0142-1123",
	doi = "http://dx.doi.org/10.1016/j.ijfatigue.2012.06.015",
	url = "http://www.sciencedirect.com/science/article/pii/S0142112312002162",
	author = "Stefano Bosia and Andrei Constantinescu",
	keywords = "Multi-axial fatigue",
	keywords = "Dang Van fatigue criterion",
	keywords = "High-cycle fatigue",
	keywords = "Dynamical systems",
	keywords = "Fasttime scale average "
}

@misc{legendre,
	title = {{Legendre Gauss Quadrature weights and nodes} },
	howpublished = {\url{https://www.mathworks.com/matlabcentral/fileexchange/4540-legendre-gauss-quadrature-weights-and-nodes}},
	note = {Accessed: 2004-05-11}
}

\@article{fatigueconcept,
	title={A concept of fatigue damage},
	author={Marco, S.M.; Starvey, W.L.},
	journal={Transactions of the ASME 76},
	year={1954},
	pages={627-632},
}

@article{xi2008strengthening,
	title={Strengthening of transmission gear under low-amplitude loads},
	author={Xi, Lu and Songlin, Zheng},
	journal={Materials Science and Engineering: A},
	volume={488},
	number={1},
	pages={55--63},
	year={2008},
	publisher={Elsevier}
}

@article{xi2009strengthening,
	title={Strengthening and damaging under low-amplitude loads below the fatigue limit},
	author={Xi, Lu and Songlin, Zheng},
	journal={International Journal of Fatigue},
	volume={31},
	number={2},
	pages={341--345},
	year={2009},
	publisher={Elsevier}
}

@article{xi2009changes,
	title={Changes in mechanical properties of vehicle components after strengthening under low-amplitude loads below the fatigue limit},
	author={Xi, Lu and Songlin, Zheng},
	journal={Fatigue \& Fracture of Engineering Materials \& Structures},
	volume={32},
	number={10},
	pages={847--855},
	year={2009},
	publisher={Wiley Online Library}
}

@techreport{sinclair1952investigation,
	title={An investigation of the coaxing effect in fatigue of metals},
	author={Sinclair, GM},
	year={1952},
	institution={DTIC Document}
}

@article{nakajima2007coaxing,
	title={Coaxing effect in stainless steels and high-strength steels},
	author={Nakajima, Masaki and Jung, Jae Woong and Uematsu, Yoshihiko and Tokaji, Keiro},
	journal={Key Engineering Materials},
	volume={345},
	pages={235--238},
	year={2007},
	publisher={Trans Tech Publ}
}

@article{chaboche1988continuum,
	title={Continuum damage mechanics: Part II—Damage growth, crack initiation, and crack growth},
	author={Chaboche, Jean-Louis},
	journal={Journal of applied mechanics},
	volume={55},
	number={1},
	pages={65--72},
	year={1988},
	publisher={American Society of Mechanical Engineers}
}

@article {FFE:FFE1,
	author = {Chaboche, J. L. and Lesne, P. M.},
	title = {A NON-LINEAR CONTINUOUS FATIGUE DAMAGE MODEL},
	journal = {Fatigue , Fracture of Engineering Materials , Structures},
	volume = {11},
	number = {1},
	publisher = {Blackwell Publishing Ltd},
	issn = {1460-2695},
	url = {http://dx.doi.org/10.1111/j.1460-2695.1988.tb01216.x},
	doi = {10.1111/j.1460-2695.1988.tb01216.x},
	pages = {1--17},
	year = {1988},
}

@book{lemaitre1990mechanics,
	title={Mechanics of solid materials},
	author={Lemaitre, Jean and Chaboche, Jean-Louis},
	year={1990},
	publisher={Cambridge university press}
}

\@article{luu2013formulation,
	title={Formulation of gradient multiaxial fatigue criteria},
	author={Luu, DH and Maitournam, MH and Nguyen, QS},
	journal={International Journal of Fatigue},
	year={2013},
	publisher={Elsevier}
}

\@article{Papadopoulos1996513,
	title = "Invariant formulation of a gradient dependent multiaxial high-cycle fatigue criterion ",
	journal = "Engineering Fracture Mechanics ",
	volume = "55",
	number = "4",
	pages = "513 - 528",
	year = "1996",
	note = "",
	issn = "0013-7944",
	doi = "http://dx.doi.org/10.1016/S0013-7944(96)00047-1",
	url = "http://www.sciencedirect.com/science/article/pii/S0013794496000471",
	author = "Ioannis V. Papadopoulos and Vassilis P. Panoskaltsis",
	abstract = "Experimental evidence has shown that the fatigue limit of metallic cylindrical specimens in fully reversed bending is significantly higher than the respective limit in fully reversed tension-compression. The higher values of the bending fatigue limits observed have to be attributed to the benign influence of the gradient of the bending normal stress on the fatigue strength of the metal. Although many approaches for modelling the gradient effect under uniaxial normal cyclic stress have already been tried, attempts to model the very same problem under multiaxial cyclic stress systems are scarce. The present paper starts re-analyzing existing experimental results under cyclic normal stress (i.e. bending, tension-compression) and under cyclic shear stress (i.e. torsion). This closer examination shows that although the fatigue endurance is strongly affected by the gradient of the normal stress in bending tests, it remains insensitive to variations of the gradient of the shear stress in torsion tests. Based on these observations, a gradient dependent multiaxial high-cycle fatigue criterion function of the stress invariants is formulated. "
}


\@article{Papadopoulos1997219,
	title = "A comparative study of multiaxial high-cycle fatigue criteria for metals ",
	journal = "International Journal of Fatigue ",
	volume = "19",
	number = "3",
	pages = "219 - 235",
	year = "1997",
	note = "",
	issn = "0142-1123",
	doi = "http://dx.doi.org/10.1016/S0142-1123(96)00064-3",
	url = "http://www.sciencedirect.com/science/article/pii/S0142112396000643",
	author = "Ioannis V. Papadopoulos and Piermaria Davoli and Carlo Gorla and Mauro Filippini and Andrea Bernasconi",
	keywords = "high-cycle fatigue",
	keywords = "multiaxial fatigue",
	keywords = "non-proportional loading",
	keywords = "metals) ",
	abstract = "The aim of this paper is firstly, to provide a concise assessment of some commonly used high-cycle fatigue criteria and secondly, to check their predictive capabilities against synchronous sinusoidal out-of-phase bending and torsion experimental results (i.e. sinusoidal stress signals of the same frequency but with a phase difference). This bending-torsion stress system does not closely represent real load conditions undergone by a machine part. However, it is complex enough to differentiate the various fatigue criteria and to permit a first classification of the approaches examined, according to the accuracy of their predictions. A fatigue criterion recently formulated by the first of the authors is also included in this comparative study. According to this criterion the phase difference in out-of-phase bending and torsion does not affect the fatigue strength corresponding to a very high (theoretically infinite) fatigue life. It is pointed out that this theoretical finding is valid for the category of hard metals for which the ratio of the fully re-versed torsion fatigue limit over the fully reversed bending fatigue limit lies in the interval from 1√3 o approx. 0.8. Experimental results collected from the relevant literature, concerning precisely lard metals, fully support this theoretical finding. "
}


\@article{crossland,
	title={ Effect of large hydrostatic pressures on the torsional fatigue strength of an alloy steel.},
	author={ Crossland B.},
	journal={ In: Proceedings of the Inter-national Conference on Fatigue of Metals, Institution of Mechan-ical Engineers, London.},
	year={1956},
	pages = {138-149},
}

\@article{constantinescu2007introduction,
	title={An introduction to finite elements based on examples with Cast3m},
	author={Constantinescu, Andrei},
	journal={Laboratoire de M{\'e}canique des Solides CNRS UMR},
	volume={7649},
	year={2007}
}

@article{ballard1995high,
	title={High cycle fatigue and a finite element analysis},
	author={Ballard, P and Van, K Dang and Deperrois, A and Papadopoulos, YV},
	journal={Fatigue \& Fracture of Engineering Materials \& Structures},
	volume={18},
	number={3},
	pages={397--411},
	year={1995},
	publisher={Wiley Online Library}
}
@article{papadopoulos2001long,
	title={Long life fatigue under multiaxial loading},
	author={Papadopoulos, Ioannis V},
	journal={International Journal of Fatigue},
	volume={23},
	number={10},
	pages={839--849},
	year={2001},
	publisher={Elsevier}
}

@article{Papadopoulos1997219,
	title = "A comparative study of multiaxial high-cycle fatigue criteria for metals ",
	journal = "International Journal of Fatigue ",
	volume = "19",
	number = "3",
	pages = "219 - 235",
	year = "1997",
	note = "",
	issn = "0142-1123",
	doi = "http://dx.doi.org/10.1016/S0142-1123(96)00064-3",
	url = "http://www.sciencedirect.com/science/article/pii/S0142112396000643",
	author = "Ioannis V. Papadopoulos and Piermaria Davoli and Carlo Gorla and Mauro Filippini and Andrea Bernasconi",
	keywords = "high-cycle fatigue",
	keywords = "multiaxial fatigue",
	keywords = "non-proportional loading",
	keywords = "metals) "
}

@article{ballard1995high,
	title={High cycle fatigue and a finite element analysis},
	author={Ballard, P and Van, K Dang and Deperrois, A and Papadopoulos, YV},
	journal={Fatigue \& Fracture of Engineering Materials \& Structures},
	volume={18},
	number={3},
	pages={397--411},
	year={1995},
	publisher={Wiley Online Library}
	
	@book{suresh1998fatigue,
	title={Fatigue of materials},
	author={Suresh, Subra},
	year={1998},
	publisher={Cambridge university press}
	}
}

@article{Amargier20101904,
	title = "Stress gradient effect on crack initiation in fretting using a multiaxial fatigue framework ",
	journal = "International Journal of Fatigue ",
	volume = "32",
	number = "12",
	pages = "1904 - 1912",
	year = "2010",
	note = "",
	issn = "0142-1123",
	doi = "http://dx.doi.org/10.1016/j.ijfatigue.2010.06.004",
	url = "http://www.sciencedirect.com/science/article/pii/S0142112310001404",
	author = "R. Amargier and S. Fouvry and L. Chambon and C. Schwob and C. Poupon",
	keywords = "Fretting",
	keywords = "Multiaxial fatigue",
	keywords = "Stress gradient",
	keywords = "Inconel 718 "
}

@article{Papadopoulos1996513,
	title = "Invariant formulation of a gradient dependent multiaxial high-cycle fatigue criterion ",
	journal = "Engineering Fracture Mechanics ",
	volume = "55",
	number = "4",
	pages = "513 - 528",
	year = "1996",
	note = "",
	issn = "0013-7944",
	doi = "http://dx.doi.org/10.1016/S0013-7944(96)00047-1",
	url = "http://www.sciencedirect.com/science/article/pii/S0013794496000471",
	author = "Ioannis V. Papadopoulos and Vassilis P. Panoskaltsis"
}

@article{maitournam2009fatigue,
	title={Fatigue design of notched components with stress gradients and cyclic plasticity},
	author={Maitournam, Mahaman Habibou and Van, Ky Dang and Flavenot, Jean-Fran{\c{c}}ois},
	journal={Advanced Engineering Materials},
	volume={11},
	number={9},
	pages={750--754},
	year={2009},
	publisher={Wiley Online Library}
}

@book{taylor2010theory,
	title={The theory of critical distances: a new perspective in fracture mechanics},
	author={Taylor, David},
	year={2010},
	publisher={Elsevier}
}

@article{Araujo200795,
	title = "On the use of the Theory of Critical Distances and the Modified Wöhler Curve Method to estimate fretting fatigue strength of cylindrical contacts ",
	journal = "International Journal of Fatigue ",
	volume = "29",
	number = "1",
	pages = "95 - 107",
	year = "2007",
	note = "",
	issn = "0142-1123",
	doi = "http://dx.doi.org/10.1016/j.ijfatigue.2006.02.041",
	url = "http://www.sciencedirect.com/science/article/pii/S0142112306000776",
	author = "J.A. Araújo and L. Susmel and D. Taylor and J.C.T. Ferro and E.N. Mamiya",
	keywords = "Fretting fatigue",
	keywords = "Notch fatigue",
	keywords = "Multiaxial fatigue",
	keywords = "Critical distance",
	keywords = "Size effect "
}

@article{flavenot1983epaisseur,
	title={L’{\'e}paisseur de couche critique ou une nouvelle approche du calcul en fatigue des structures soumisesa des sollicitations multiaxiales},
	author={Flavenot, JF and Skalli, N},
	journal={Mec. Mater. Electr},
	volume={397},
	pages={15--25},
	year={1983}
}

@article{palin2000stress,
	title={Stress gradient and size effects in multiaxial fatigue},
	author={Palin-Luc, T},
	journal={Materials Week (Munich, Germany)},
	year={2000}
}
@article{Banvillet2003755,
	title = "A volumetric energy based high cycle multiaxial fatigue citerion ",
	journal = "International Journal of Fatigue ",
	volume = "25",
	number = "8",
	pages = "755 - 769",
	year = "2003",
	note = "",
	issn = "0142-1123",
	doi = "http://dx.doi.org/10.1016/S0142-1123(03)00048-3",
	url = "http://www.sciencedirect.com/science/article/pii/S0142112303000483",
	author = "A. Banvillet and T. Palin-Luc and S. Lasserre",
	keywords = "High cycle fatigue",
	keywords = "Criterion",
	keywords = "Multiaxial",
	keywords = "Energy",
	keywords = "Gradient",
	keywords = "Volume "
}

@article{papadopoulos1996invariant,
	title={Invariant formulation of a gradient dependent multiaxial high-cycle fatigue criterion},
	author={Papadopoulos, Ioannis V and Panoskaltsis, Vassilis P},
	journal={Engineering Fracture Mechanics},
	volume={55},
	number={4},
	pages={513--528},
	year={1996},
	publisher={Elsevier}
}

@book{findley1956theory,
	title={Theory for Combined Bending and Torsion Fatigue with Data for SAE4340 Steel},
	author={Findley, William Nichols and Coleman, JJ and Hanley, BC},
	year={1956},
	pages={150--157},
	publisher={Division of Engineering, Brown University}
}

\@article{yuan2013prediction,
	title={A prediction method on high-cycle fatigue parameters based on dissipated energy computation},
	author={Yuan, Li and Chao, Han Xu Liu Jie Jiang},
	journal={Chinese Journal of Theoretical and Applied Mechanics},
	volume={3},
	pages={008},
	year={2013}
}

@article{palin1998energy,
	title={An energy based criterion for high cycle multiaxial fatigue},
	author={Palin-Luc, Thierry and Lasserre, Serge},
	journal={European Journal of Mechanics-A/Solids},
	volume={17},
	number={2},
	pages={237--251},
	year={1998},
	publisher={Elsevier}
}

@article{lagoda1999critical,
	title={A critical plane approach based on energy concepts: application to biaxial random tension-compression high-cycle fatigue regime},
	author={{\L}agoda, Tadeusz and Macha, Ewald and Bedkowski, W{\l}odzimierz},
	journal={International Journal of Fatigue},
	volume={21},
	number={5},
	pages={431--443},
	year={1999},
	publisher={Elsevier}
}


@article{chaboche1988continuum,
  title={Continuum damage mechanics: Part II—Damage growth, crack initiation, and crack growth},
  author={Chaboche, Jean-Louis},
  journal={Journal of applied mechanics},
  volume={55},
  number={1},
  pages={65--72},
  year={1988},
  publisher={American Society of Mechanical Engineers}
}

@article{Dubar1992,
	title = " Fatigue multiaxiale des aciers - Passage de l’endurance à l’endurance
	limitée -Prise en compte des accidents géométriques.",
	journal = "Thèse de Doctorat,Ecole Nationale
	Supérieure d’Arts et Métiers, Talence, France.",
	year = "1992",
	author = " DUBAR , L",
}

@article{lee1989out,
	title={Out of phase bending and torsion fatigue of steels},
	author={Lee, Soon-Bok},
	journal={Biaxial and multiaxial fatigue, EGF3. London: Mechanical Engineering Publications},
	pages={612--634},
	year={1989}
}

@article{lee2013out,
	title={Out-of-phase combined bending and torsion fatigue of steels},
	author={Lee, Soon-Bok},
	journal={ICBMFF2},
	year={2013}
}

@article{christensen2000yield,
	title={Yield functions, damage states, and intrinsic strength},
	author={Christensen, Richard M},
	journal={Mathematics and Mechanics of Solids},
	volume={5},
	number={3},
	pages={285--300},
	year={2000},
	publisher={SAGE Publications}
}

@inproceedings{johnson1983constitutive,
	title={A constitutive model and data for metals subjected to large strains, high strain rates and high temperatures},
	author={Johnson, Gordon R and Cook, William H},
	booktitle={Proceedings of the 7th International Symposium on Ballistics},
	volume={21},
	pages={541--547},
	year={1983},
	organization={The Hague, The Netherlands}
}
\@article{Maitournam2011232,
	title = "A multiscale fatigue life model for complex cyclic multiaxial loading ",
	journal = "International Journal of Fatigue ",
	volume = "33",
	number = "2",
	pages = "232 - 240",
	year = "2011",
	note = "",
	issn = "0142-1123",
	doi = "http://dx.doi.org/10.1016/j.ijfatigue.2010.08.017",
	url = "http://www.sciencedirect.com/science/article/pii/S0142112310001933",
	author = "M.H. Maitournam and C. Krebs and A. Galtier",
	keywords = "High-cycle fatigue",
	keywords = "Finite life model",
	keywords = "Multiscale approach",
	keywords = "Stabilized cycle",
	keywords = "Shakedown "
}

@thesis{zepeng,
	author = {Ma Zepeng},
	title = {Structures under multiaxial fatigue taking consideration of gradients of the constraints with time and space variation},
	type = {thesis},
	institution = {LMS, Ecole Polytehcnique},
	date = {2017},
}

@book{lemaitre1990mechanics,
	title={Mechanics of solid materials},
	author={Lemaitre, Jean and Chaboche, Jean-Louis},
	year={1990},
	publisher={Cambridge university press}
}

@article{Bosia201239,
	title = "Fast time-scale average for a mesoscopic high cycle fatigue criterion ",
	journal = "International Journal of Fatigue ",
	volume = "45",
	number = "",
	pages = "39 - 47",
	year = "2012",
	note = "",
	issn = "0142-1123",
	doi = "http://dx.doi.org/10.1016/j.ijfatigue.2012.06.015",
	url = "http://www.sciencedirect.com/science/article/pii/S0142112312002162",
	author = "Stefano Bosia and Andrei Constantinescu",
	keywords = "Multi-axial fatigue",
	keywords = "Dang Van fatigue criterion",
	keywords = "High-cycle fatigue",
	keywords = "Dynamical systems",
	keywords = "Fasttime scale average "
}