\@article{Maitournam2011232,
	title = "A multiscale fatigue life model for complex cyclic multiaxial loading ",
	journal = "International Journal of Fatigue ",
	volume = "33",
	number = "2",
	pages = "232 - 240",
	year = "2011",
	note = "",
	issn = "0142-1123",
	doi = "http://dx.doi.org/10.1016/j.ijfatigue.2010.08.017",
	url = "http://www.sciencedirect.com/science/article/pii/S0142112310001933",
	author = "M.H. Maitournam and C. Krebs and A. Galtier",
	keywords = "High-cycle fatigue",
	keywords = "Finite life model",
	keywords = "Multiscale approach",
	keywords = "Stabilized cycle",
	keywords = "Shakedown "
}

@thesis{zepeng,
	author = {Ma Zepeng},
	title = {Structures under multiaxial fatigue taking consideration of gradients of the constraints with time and space variation},
	type = {thesis},
	institution = {LMS, Ecole Polytehcnique},
	date = {2017},
}



@book{lemaitre1990mechanics,
	title={Mechanics of solid materials},
	author={Lemaitre, Jean and Chaboche, Jean-Louis},
	year={1990},
	publisher={Cambridge university press}
}

@article{Bosia201239,
	title = "Fast time-scale average for a mesoscopic high cycle fatigue criterion ",
	journal = "International Journal of Fatigue ",
	volume = "45",
	number = "",
	pages = "39 - 47",
	year = "2012",
	note = "",
	issn = "0142-1123",
	doi = "http://dx.doi.org/10.1016/j.ijfatigue.2012.06.015",
	url = "http://www.sciencedirect.com/science/article/pii/S0142112312002162",
	author = "Stefano Bosia and Andrei Constantinescu",
	keywords = "Multi-axial fatigue",
	keywords = "Dang Van fatigue criterion",
	keywords = "High-cycle fatigue",
	keywords = "Dynamical systems",
	keywords = "Fasttime scale average "
}

@misc{legendre,
	title = {{Legendre Gauss Quadrature weights and nodes} },
	howpublished = {\url{https://www.mathworks.com/matlabcentral/fileexchange/4540-legendre-gauss-quadrature-weights-and-nodes}},
	note = {Accessed: 2004-05-11}
}

\@article{fatigueconcept,
	title={A concept of fatigue damage},
	author={Marco, S.M.; Starvey, W.L.},
	journal={Transactions of the ASME 76},
	year={1954},
	pages={627-632},
}

\@article{ASTM1985,
	title={Standard practices for cycle fatigue counting in fatigue analysis.},
	author={ASTM.},
	journal={Designation
	E 1049-85, vol. 03.01 of Metal Test Methods and Analytical procedure.},
	year={1985},
	pages={836-848},
}

@article{xi2008strengthening,
	title={Strengthening of transmission gear under low-amplitude loads},
	author={Xi, Lu and Songlin, Zheng},
	journal={Materials Science and Engineering: A},
	volume={488},
	number={1},
	pages={55--63},
	year={2008},
	publisher={Elsevier}
}

@article{xi2009strengthening,
	title={Strengthening and damaging under low-amplitude loads below the fatigue limit},
	author={Xi, Lu and Songlin, Zheng},
	journal={International Journal of Fatigue},
	volume={31},
	number={2},
	pages={341--345},
	year={2009},
	publisher={Elsevier}
}

@article{xi2009changes,
	title={Changes in mechanical properties of vehicle components after strengthening under low-amplitude loads below the fatigue limit},
	author={Xi, Lu and Songlin, Zheng},
	journal={Fatigue \& Fracture of Engineering Materials \& Structures},
	volume={32},
	number={10},
	pages={847--855},
	year={2009},
	publisher={Wiley Online Library}
}

@techreport{sinclair1952investigation,
	title={An investigation of the coaxing effect in fatigue of metals},
	author={Sinclair, GM},
	year={1952},
	institution={DTIC Document}
}

@article{nakajima2007coaxing,
	title={Coaxing effect in stainless steels and high-strength steels},
	author={Nakajima, Masaki and Jung, Jae Woong and Uematsu, Yoshihiko and Tokaji, Keiro},
	journal={Key Engineering Materials},
	volume={345},
	pages={235--238},
	year={2007},
	publisher={Trans Tech Publ}
}

@article{chaboche1988continuum,
	title={Continuum damage mechanics: Part II—Damage growth, crack initiation, and crack growth},
	author={Chaboche, Jean-Louis},
	journal={Journal of applied mechanics},
	volume={55},
	number={1},
	pages={65--72},
	year={1988},
	publisher={American Society of Mechanical Engineers}
}

@article {FFE:FFE1,
	author = {Chaboche, J. L. and Lesne, P. M.},
	title = {A NON-LINEAR CONTINUOUS FATIGUE DAMAGE MODEL},
	journal = {Fatigue , Fracture of Engineering Materials , Structures},
	volume = {11},
	number = {1},
	publisher = {Blackwell Publishing Ltd},
	issn = {1460-2695},
	url = {http://dx.doi.org/10.1111/j.1460-2695.1988.tb01216.x},
	doi = {10.1111/j.1460-2695.1988.tb01216.x},
	pages = {1--17},
	year = {1988},
}

@book{lemaitre1990mechanics,
	title={Mechanics of solid materials},
	author={Lemaitre, Jean and Chaboche, Jean-Louis},
	year={1990},
	publisher={Cambridge university press}
}

\@article{luu2013formulation,
	title={Formulation of gradient multiaxial fatigue criteria},
	author={Luu, DH and Maitournam, MH and Nguyen, QS},
	journal={International Journal of Fatigue},
	year={2013},
	publisher={Elsevier}
}

\@article{Papadopoulos1996513,
	title = "Invariant formulation of a gradient dependent multiaxial high-cycle fatigue criterion ",
	journal = "Engineering Fracture Mechanics ",
	volume = "55",
	number = "4",
	pages = "513 - 528",
	year = "1996",
	note = "",
	issn = "0013-7944",
	doi = "http://dx.doi.org/10.1016/S0013-7944(96)00047-1",
	url = "http://www.sciencedirect.com/science/article/pii/S0013794496000471",
	author = "Ioannis V. Papadopoulos and Vassilis P. Panoskaltsis",
	abstract = "Experimental evidence has shown that the fatigue limit of metallic cylindrical specimens in fully reversed bending is significantly higher than the respective limit in fully reversed tension-compression. The higher values of the bending fatigue limits observed have to be attributed to the benign influence of the gradient of the bending normal stress on the fatigue strength of the metal. Although many approaches for modelling the gradient effect under uniaxial normal cyclic stress have already been tried, attempts to model the very same problem under multiaxial cyclic stress systems are scarce. The present paper starts re-analyzing existing experimental results under cyclic normal stress (i.e. bending, tension-compression) and under cyclic shear stress (i.e. torsion). This closer examination shows that although the fatigue endurance is strongly affected by the gradient of the normal stress in bending tests, it remains insensitive to variations of the gradient of the shear stress in torsion tests. Based on these observations, a gradient dependent multiaxial high-cycle fatigue criterion function of the stress invariants is formulated. "
}


\@article{Papadopoulos1997219,
	title = "A comparative study of multiaxial high-cycle fatigue criteria for metals ",
	journal = "International Journal of Fatigue ",
	volume = "19",
	number = "3",
	pages = "219 - 235",
	year = "1997",
	note = "",
	issn = "0142-1123",
	doi = "http://dx.doi.org/10.1016/S0142-1123(96)00064-3",
	url = "http://www.sciencedirect.com/science/article/pii/S0142112396000643",
	author = "Ioannis V. Papadopoulos and Piermaria Davoli and Carlo Gorla and Mauro Filippini and Andrea Bernasconi",
	keywords = "high-cycle fatigue",
	keywords = "multiaxial fatigue",
	keywords = "non-proportional loading",
	keywords = "metals) ",
	abstract = "The aim of this paper is firstly, to provide a concise assessment of some commonly used high-cycle fatigue criteria and secondly, to check their predictive capabilities against synchronous sinusoidal out-of-phase bending and torsion experimental results (i.e. sinusoidal stress signals of the same frequency but with a phase difference). This bending-torsion stress system does not closely represent real load conditions undergone by a machine part. However, it is complex enough to differentiate the various fatigue criteria and to permit a first classification of the approaches examined, according to the accuracy of their predictions. A fatigue criterion recently formulated by the first of the authors is also included in this comparative study. According to this criterion the phase difference in out-of-phase bending and torsion does not affect the fatigue strength corresponding to a very high (theoretically infinite) fatigue life. It is pointed out that this theoretical finding is valid for the category of hard metals for which the ratio of the fully re-versed torsion fatigue limit over the fully reversed bending fatigue limit lies in the interval from 1√3 o approx. 0.8. Experimental results collected from the relevant literature, concerning precisely lard metals, fully support this theoretical finding. "
}


\@article{crossland,
	title={ Effect of large hydrostatic pressures on the torsional fatigue strength of an alloy steel.},
	author={ Crossland B.},
	journal={ In: Proceedings of the Inter-national Conference on Fatigue of Metals, Institution of Mechan-ical Engineers, London.},
	year={1956},
	pages = {138-149},
}

\@article{constantinescu2007introduction,
	title={An introduction to finite elements based on examples with Cast3m},
	author={Constantinescu, Andrei},
	journal={Laboratoire de M{\'e}canique des Solides CNRS UMR},
	volume={7649},
	year={2007}
}

@article{ballard1995high,
	title={High cycle fatigue and a finite element analysis},
	author={Ballard, P and Van, K Dang and Deperrois, A and Papadopoulos, YV},
	journal={Fatigue \& Fracture of Engineering Materials \& Structures},
	volume={18},
	number={3},
	pages={397--411},
	year={1995},
	publisher={Wiley Online Library}
}
@article{papadopoulos2001long,
	title={Long life fatigue under multiaxial loading},
	author={Papadopoulos, Ioannis V},
	journal={International Journal of Fatigue},
	volume={23},
	number={10},
	pages={839--849},
	year={2001},
	publisher={Elsevier}
}

@article{Papadopoulos1997219,
	title = "A comparative study of multiaxial high-cycle fatigue criteria for metals ",
	journal = "International Journal of Fatigue ",
	volume = "19",
	number = "3",
	pages = "219 - 235",
	year = "1997",
	note = "",
	issn = "0142-1123",
	doi = "http://dx.doi.org/10.1016/S0142-1123(96)00064-3",
	url = "http://www.sciencedirect.com/science/article/pii/S0142112396000643",
	author = "Ioannis V. Papadopoulos and Piermaria Davoli and Carlo Gorla and Mauro Filippini and Andrea Bernasconi",
	keywords = "high-cycle fatigue",
	keywords = "multiaxial fatigue",
	keywords = "non-proportional loading",
	keywords = "metals) "
}

@article{ballard1995high,
	title={High cycle fatigue and a finite element analysis},
	author={Ballard, P and Van, K Dang and Deperrois, A and Papadopoulos, YV},
	journal={Fatigue \& Fracture of Engineering Materials \& Structures},
	volume={18},
	number={3},
	pages={397--411},
	year={1995},
	publisher={Wiley Online Library}
	
	@book{suresh1998fatigue,
	title={Fatigue of materials},
	author={Suresh, Subra},
	year={1998},
	publisher={Cambridge university press}
	}
}

@article{Amargier20101904,
	title = "Stress gradient effect on crack initiation in fretting using a multiaxial fatigue framework ",
	journal = "International Journal of Fatigue ",
	volume = "32",
	number = "12",
	pages = "1904 - 1912",
	year = "2010",
	note = "",
	issn = "0142-1123",
	doi = "http://dx.doi.org/10.1016/j.ijfatigue.2010.06.004",
	url = "http://www.sciencedirect.com/science/article/pii/S0142112310001404",
	author = "R. Amargier and S. Fouvry and L. Chambon and C. Schwob and C. Poupon",
	keywords = "Fretting",
	keywords = "Multiaxial fatigue",
	keywords = "Stress gradient",
	keywords = "Inconel 718 "
}


@article{maitournam2009fatigue,
	title={Fatigue design of notched components with stress gradients and cyclic plasticity},
	author={Maitournam, Mahaman Habibou and Van, Ky Dang and Flavenot, Jean-Fran{\c{c}}ois},
	journal={Advanced Engineering Materials},
	volume={11},
	number={9},
	pages={750--754},
	year={2009},
	publisher={Wiley Online Library}
}

@book{taylor2010theory,
	title={The theory of critical distances: a new perspective in fracture mechanics},
	author={Taylor, David},
	year={2010},
	publisher={Elsevier}
}

@article{Araujo200795,
	title = "On the use of the Theory of Critical Distances and the Modified Wöhler Curve Method to estimate fretting fatigue strength of cylindrical contacts ",
	journal = "International Journal of Fatigue ",
	volume = "29",
	number = "1",
	pages = "95 - 107",
	year = "2007",
	note = "",
	issn = "0142-1123",
	doi = "http://dx.doi.org/10.1016/j.ijfatigue.2006.02.041",
	url = "http://www.sciencedirect.com/science/article/pii/S0142112306000776",
	author = "J.A. Araújo and L. Susmel and D. Taylor and J.C.T. Ferro and E.N. Mamiya",
	keywords = "Fretting fatigue",
	keywords = "Notch fatigue",
	keywords = "Multiaxial fatigue",
	keywords = "Critical distance",
	keywords = "Size effect "
}

@article{flavenot1983epaisseur,
	title={L’{\'e}paisseur de couche critique ou une nouvelle approche du calcul en fatigue des structures soumisesa des sollicitations multiaxiales},
	author={Flavenot, JF and Skalli, N},
	journal={Mec. Mater. Electr},
	volume={397},
	pages={15--25},
	year={1983}
}

@article{palin2000stress,
	title={Stress gradient and size effects in multiaxial fatigue},
	author={Palin-Luc, T},
	journal={Materials Week (Munich, Germany)},
	year={2000}
}
@article{Banvillet2003755,
	title = "A volumetric energy based high cycle multiaxial fatigue citerion ",
	journal = "International Journal of Fatigue ",
	volume = "25",
	number = "8",
	pages = "755 - 769",
	year = "2003",
	note = "",
	issn = "0142-1123",
	doi = "http://dx.doi.org/10.1016/S0142-1123(03)00048-3",
	url = "http://www.sciencedirect.com/science/article/pii/S0142112303000483",
	author = "A. Banvillet and T. Palin-Luc and S. Lasserre",
	keywords = "High cycle fatigue",
	keywords = "Criterion",
	keywords = "Multiaxial",
	keywords = "Energy",
	keywords = "Gradient",
	keywords = "Volume "
}

@article{papadopoulos1996invariant,
	title={Invariant formulation of a gradient dependent multiaxial high-cycle fatigue criterion},
	author={Papadopoulos, Ioannis V and Panoskaltsis, Vassilis P},
	journal={Engineering Fracture Mechanics},
	volume={55},
	number={4},
	pages={513--528},
	year={1996},
	publisher={Elsevier}
}

@book{findley1956theory,
	title={Theory for Combined Bending and Torsion Fatigue with Data for SAE4340 Steel},
	author={Findley, William Nichols and Coleman, JJ and Hanley, BC},
	year={1956},
	pages={150--157},
	publisher={Division of Engineering, Brown University}
}

\@article{yuan2013prediction,
	title={A prediction method on high-cycle fatigue parameters based on dissipated energy computation},
	author={Yuan, Li and Chao, Han Xu Liu Jie Jiang},
	journal={Chinese Journal of Theoretical and Applied Mechanics},
	volume={3},
	pages={008},
	year={2013}
}

@article{palin1998energy,
	title={An energy based criterion for high cycle multiaxial fatigue},
	author={Palin-Luc, Thierry and Lasserre, Serge},
	journal={European Journal of Mechanics-A/Solids},
	volume={17},
	number={2},
	pages={237--251},
	year={1998},
	publisher={Elsevier}
}

@article{lagoda1999critical,
	title={A critical plane approach based on energy concepts: application to biaxial random tension-compression high-cycle fatigue regime},
	author={{\L}agoda, Tadeusz and Macha, Ewald and Bedkowski, W{\l}odzimierz},
	journal={International Journal of Fatigue},
	volume={21},
	number={5},
	pages={431--443},
	year={1999},
	publisher={Elsevier}
}


@article{chaboche1988continuum,
  title={Continuum damage mechanics: Part II—Damage growth, crack initiation, and crack growth},
  author={Chaboche, Jean-Louis},
  journal={Journal of applied mechanics},
  volume={55},
  number={1},
  pages={65--72},
  year={1988},
  publisher={American Society of Mechanical Engineers}
}

@article{Dubar1992,
	title = " Fatigue multiaxiale des aciers - Passage de l’endurance à l’endurance
	limitée -Prise en compte des accidents géométriques.",
	journal = "Thèse de Doctorat,Ecole Nationale
	Supérieure d’Arts et Métiers, Talence, France.",
	year = "1992",
	author = " DUBAR , L",
}

@article{lee1989out,
	title={Out of phase bending and torsion fatigue of steels},
	author={Lee, Soon-Bok},
	journal={Biaxial and multiaxial fatigue, EGF3. London: Mechanical Engineering Publications},
	pages={612--634},
	year={1989}
}

@article{lee2013out,
	title={Out-of-phase combined bending and torsion fatigue of steels},
	author={Lee, Soon-Bok},
	journal={ICBMFF2},
	year={2013}
}

@article{christensen2000yield,
	title={Yield functions, damage states, and intrinsic strength},
	author={Christensen, Richard M},
	journal={Mathematics and Mechanics of Solids},
	volume={5},
	number={3},
	pages={285--300},
	year={2000},
	publisher={SAGE Publications}
}

@inproceedings{johnson1983constitutive,
	title={A constitutive model and data for metals subjected to large strains, high strain rates and high temperatures},
	author={Johnson, Gordon R and Cook, William H},
	booktitle={Proceedings of the 7th International Symposium on Ballistics},
	volume={21},
	pages={541--547},
	year={1983},
	organization={The Hague, The Netherlands}
}
\@article{Maitournam2011232,
	title = "A multiscale fatigue life model for complex cyclic multiaxial loading ",
	journal = "International Journal of Fatigue ",
	volume = "33",
	number = "2",
	pages = "232 - 240",
	year = "2011",
	note = "",
	issn = "0142-1123",
	doi = "http://dx.doi.org/10.1016/j.ijfatigue.2010.08.017",
	url = "http://www.sciencedirect.com/science/article/pii/S0142112310001933",
	author = "M.H. Maitournam and C. Krebs and A. Galtier",
	keywords = "High-cycle fatigue",
	keywords = "Finite life model",
	keywords = "Multiscale approach",
	keywords = "Stabilized cycle",
	keywords = "Shakedown "
}

@thesis{zepeng,
	author = {Ma Zepeng},
	title = {Structures under multiaxial fatigue taking consideration of gradients of the constraints with time and space variation},
	type = {thesis},
	institution = {LMS, Ecole Polytehcnique},
	date = {2017},
}

@book{lemaitre1990mechanics,
	title={Mechanics of solid materials},
	author={Lemaitre, Jean and Chaboche, Jean-Louis},
	year={1990},
	publisher={Cambridge university press}
}

@article{Bosia201239,
	title = "Fast time-scale average for a mesoscopic high cycle fatigue criterion ",
	journal = "International Journal of Fatigue ",
	volume = "45",
	number = "",
	pages = "39 - 47",
	year = "2012",
	note = "",
	issn = "0142-1123",
	doi = "http://dx.doi.org/10.1016/j.ijfatigue.2012.06.015",
	url = "http://www.sciencedirect.com/science/article/pii/S0142112312002162",
	author = "Stefano Bosia and Andrei Constantinescu",
	keywords = "Multi-axial fatigue",
	keywords = "Dang Van fatigue criterion",
	keywords = "High-cycle fatigue",
	keywords = "Dynamical systems",
	keywords = "Fasttime scale average "
}

@book{papadopoulos1993fatigue,
	title={Fatigue limit of metals under multiaxial stress conditions: the microscopic approach},
	author={Papadopoulos, IV},
	year={1993},
	publisher={Joint Research Centre, ISEI}
}

@article {FFE:FFE452,
	author = {Morel, F},
	title = {A FATIGUE LIFE PREDICTION METHOD BASED ON A MESOSCOPIC APPROACH IN CONSTANT AMPLITUDE MULTIAXIAL LOADING},
	journal = {Fatigue and Fracture of Engineering Materials and Structures},
	volume = {21},
	number = {3},
	publisher = {Blackwell Science Ltd.},
	issn = {1460-2695},
	url = {http://dx.doi.org/10.1046/j.1460-2695.1998.00452.x},
	doi = {10.1046/j.1460-2695.1998.00452.x},
	pages = {241--256},
	keywords = {High cycle fatigue, Multiaxial loading, Cyclic loading, Fatigue life prediction},
	year = {1998},
}
@article{Morel2000101,
	title = "A critical plane approach for life prediction of high cycle fatigue under multiaxial variable amplitude loading ",
	journal = "International Journal of Fatigue ",
	volume = "22",
	number = "2",
	pages = "101 - 119",
	year = "2000",
	note = "",
	issn = "0142-1123",
	doi = "http://dx.doi.org/10.1016/S0142-1123(99)00118-8",
	url = "http://www.sciencedirect.com/science/article/pii/S0142112399001188",
	author = "F. Morel",
	keywords = "High cycle fatigue",
	keywords = "Multiaxial fatigue",
	keywords = "Life prediction",
	keywords = "Variable amplitude loading "
}

@article{Bedkowski1994, 
	title={Determination of the critical plane and effort criterion in fatigue life evaluation for materials under multiaxial random loading. Experimental verification based on fatigue tests of cruciform specimens}, 
	publisher={Fourth International Conference on Biaxial/Multiaxial Fatigue. Vol.1}, 
	author={Bedkowski, Wlodzimierz}, 
	year={1994}, 
	pages={s.435–447}}

@article{ACHTELIC1994,
title={Fatigue life of
10HNAP steel under synchronous random bending and torsion.},
publisher={Proceedings of the 4th
International Conference on Biaxial /Multiaxial Fatigue, St Germain-en-Laye (France) 1,
421-434.},
author={ACHTELIC, H., BEDKOWSKY, W., GRZELAK, J., MACHA, E.},
year={1994}, 
pages={421–434}}

@thesis{VIDAL1996,
	author = {VIDAL, E.},
	title = {Prévision de la durée de vie en fatigue multiaxiale sous sollicitations
	d’amplitude variable à l’aide d’un critère global.},
	type = {Thèse de Doctorat},
	institution = {INSA de Lyon},
	date = {1996},
}

@phdthesis{jabbado:pastel-00002116,
	TITLE = {{High-Cycle Fatigue of Metallic Structures : Lifetime Duration under Variable Loadings.}},
	AUTHOR = {Jabbado, Mohamad},
	URL = {https://pastel.archives-ouvertes.fr/pastel-00002116},
	SCHOOL = {{Ecole Polytechnique X}},
	YEAR = {2006},
	MONTH = Mar,
	KEYWORDS = {High-cycle fatigue ; Finite lifetime ; Variable amplitude multiaxial loading ; Plastic behavior at various scales ; Damage factor ; Chargement multiaxial d'amplitude variable ; Comportement plastique aux diff{\'e}rentes {\'e}chelles ; Facteur d'endommagement ; Fatigue polycyclique ; Dur{\'e}e de vie finie},
	TYPE = {Theses},
	PDF = {https://pastel.archives-ouvertes.fr/pastel-00002116/file/Jabbado.pdf},
	HAL_ID = {pastel-00002116},
	HAL_VERSION = {v1},
}

@article{carpinteri2003multiaxial,
	title={A multiaxial fatigue criterion for random loading},
	author={Carpinteri, Andrea and Spagnoli, Andrea and Vantadori, Sabrina},
	journal={Fatigue \& Fracture of Engineering Materials \& Structures},
	volume={26},
	number={6},
	pages={515--522},
	year={2003},
	publisher={Wiley Online Library}
}

@article{Dubar1992,
	title = " Fatigue multiaxiale des aciers - Passage de l’endurance à l’endurance
	limitée -Prise en compte des accidents géométriques.",
	journal = "Thèse de Doctorat,Ecole Nationale
	Supérieure d’Arts et Métiers, Talence, France.",
	year = "1992",
	author = " DUBAR , L",
}
@article{Ellyin1974,
	title={A criterion for fatigue under multiaxial states of stress},
	author={Ellyin F.},
	journal={Mechanics Research	Communications},
	pages={Vol.1 No 4, 219-224.},
	year={1974}
}
@article{neale1981criterion,
	title={A Criterion, for Low-Cycle Fatigue Failure Under Biaxial States of Stress},
	author={Neale, KW and Ellyin, F},
	journal={Journal of Engineering Materials and Technology},
	volume={103},
	pages={1},
	year={1981},
	publisher={American Society of Mechanical Engineers}
}
@article{ellyin1991phase,
	title={In-phase and out-of-phase multiaxial fatigue},
	author={Ellyin, F and Golos, K and Xia, Z},
	journal={ASME J. Eng. Mater. Technol},
	volume={113},
	pages={112},
	year={1991}
}

@article{Froustey1992,
	title={Validit{\'e} des crit{\`e}res de fatigue multiaxiale {\`a} l’endurance en flexion-torsion.},
	author={Froustey C., Laserre S., Dubar L.},
	pages={Mat-Tech ‘92’, IITT-International, France, 79-85},
	year={1992}
}

@phdthesis{palin1996fatigue,
	title={Fatigue multiaxiale d'une fonte GS sous sollicitations combin{\'e}es d'amplitude variable},
	author={Palin-Luc, Thierry},
	year={1996}
}
@phdthesis{vidal1996prevision,
	title={Pr{\'e}vision de la dur{\'e}e de vie en fatigue multiaxiale sous sollicitations d'amplitude variable {\`a} l'aide d'un crit{\`e}re global},
	author={Vidal-Sall{\'e}, Emmanuelle},
	year={1996},
	school={LMSo-Laboratoire de M{\'e}canique des Solides, EA 675 (Lyon, INSA)}
}
@book{ellyin2012fatigue,
	title={Fatigue damage, crack growth and life prediction},
	author={Ellyin, Fernand},
	year={2012},
	publisher={Springer Science \& Business Media}
}
@article{banvillet2003volumetric,
	title={A volumetric energy based high cycle multiaxial fatigue citerion},
	author={Banvillet, Alexis and Palin-Luc, Thierry and Lasserre, Serge},
	journal={International Journal of Fatigue},
	volume={25},
	number={8},
	pages={755--769},
	year={2003},
	publisher={Elsevier}
}
@article{dowling1983fatigue,
	title={Fatigue life prediction for complex load versus time histories},
	author={Dowling, NE},
	journal={Journal of Engineering Materials and Technology},
	volume={105},
	number={3},
	pages={206--214},
	year={1983},
	publisher={American Society of Mechanical Engineers}
}
@article{lemaitre1999two,
	title={A two scale damage concept applied to fatigue},
	author={Lemaitre, J and Sermage, JP and Desmorat, R},
	journal={International Journal of fracture},
	volume={97},
	number={1},
	pages={67--81},
	year={1999},
	publisher={Springer}
}
@article{lemaitre1985mecanique,
	title={M{\'e}canique des mat{\'e}riaux solides},
	author={Lema{\^\i}tre, J and Chaboche, Jean Louis},
	year={1985},
	publisher={Dunod}
}
@phdthesis{flaceliere2004contribution,
	title={Contribution a la mod{\'e}lisation du dommage en fatigue multiaxiale d’un acier C36: confrontation {\`a} l’exp{\'e}rience},
	author={Flaceli{\`e}re, Laurent},
	year={2004},
	school={Poitiers}
}
@phdthesis{monchiet2006contributions,
	title={Contributions {\`a} la mod{\'e}lisation microm{\'e}canique de l'endommagement et de la fatigue des m{\'e}taux ductiles},
	author={Monchiet, Vincent},
	year={2006},
	school={Lille 1}
}
@article{gurson1977continuum,
	title={Continuum theory of ductile rupture by void nucleation and growth: Part I—Yield criteria and flow rules for porous ductile media},
	author={Gurson, Arthur L and others},
	journal={Journal of engineering materials and technology},
	volume={99},
	number={1},
	pages={2--15},
	year={1977}
}

@article{doi:10.1080/01418618108239541,
	author = { U.   Essmann  and  U.   Gösele  and  H.   Mughrabi },
	title = {A model of extrusions and intrusions in fatigued metals I. Point-defect production and the growth of extrusions},
	journal = {Philosophical Magazine A},
	volume = {44},
	number = {2},
	pages = {405-426},
	year = {1981},
	doi = {10.1080/01418618108239541},
	
	URL = { 
	http://dx.doi.org/10.1080/01418618108239541
	
	},
	eprint = { 
	http://dx.doi.org/10.1080/01418618108239541
	
	}
	
}

@article{charkaluk2009revisiting,
	title={Revisiting the Dang Van criterion},
	author={Charkaluk, E and Constantinescu, A and Ma{\"\i}tournam, H and Van, K Dang},
	journal={Procedia Engineering},
	volume={1},
	number={1},
	pages={143--146},
	year={2009},
	publisher={Elsevier}
}
@inproceedings{charkaluk2007approche,
	title={Approche dissipative en fatigue: influence de la contrainte moyenne en fatigue polycyclique},
	author={Charkaluk, E and Constantinescu, A},
	booktitle={Proceedings National MECAMAT Symposium},
	year={2007}
}